% Encoding: UTF-8


# Ceylon 1

@Misc{1_1,
  Title                    = {Red Hat Website},
  HowPublished             = {\url{https://https://www.redhat.com}},
  Note                     = {Accessed: 2015-12-15}
}

@Misc{1_2,
  Title                    = {Ceylon Faq: Who is behind the project?},
  HowPublished             = {\url{http://ceylon-lang.org/documentation/1.1/faq/#who_s_behind_this_project/}},
  Note                     = {Accessed: 2015-12-15}
}

@Misc{1_3,
  Title                    = {Ceylon Faq: Why a new language?},
  HowPublished             = {\url{http://ceylon-lang.org/documentation/1.1/faq/#why_a_new_language/}},
  Note                     = {Accessed: 2015-12-15}
}

@Misc{1_4,
  Title                    = {Ceylon Faq: What is Ceylon?},
  HowPublished             = {\url{http://ceylon-lang.org/documentation/1.1/faq/#what_is_ceylon/}},
  Note                     = {Accessed: 2015-12-15}
}

@Misc{1_5,
  Title                    = {Hibernate project},
  HowPublished             = {\url{http://hibernate.org/}},
  Note                     = {Accessed: 2015-12-15}
}

@Misc{1_6,
  Title                    = {Ceylon shared annotation},
  HowPublished             = {\url{http://ceylon-lang.org/documentation/1.1/reference/annotation/shared/}},
  Note                     = {Accessed: 2015-12-15}
}

@Misc{1_7,
  Title                    = {Ceylon visibility},
  HowPublished             = {\url{http://ceylon-lang.org/documentation/current/spec/html_single/index.html#visibility}},
  Note                     = {Accessed: 2015-12-15}
}

@Misc{1_8,
  Title                    = {Ceylon SDK},
  HowPublished             = {\url{https://github.com/ceylon/ceylon-sdk/}},
  Note                     = {Accessed: 2015-12-15}
}

@Misc{1_9,
  Title                    = {Ceylon interoperability with Java},
  HowPublished             = {\url{http://ceylon-lang.org/documentation/1.1/reference/interoperability/java-from-ceylon}},
  Note                     = {Accessed: 2015-12-15}
}

@Misc{1_10,
  Title                    = {Ceylon download page},
  HowPublished             = {\url{http://ceylon-lang.org/download/}},
  Note                     = {Accessed: 2015-12-15}
}

# Ceylon 2

@Misc{2_1,
  Title                    = {Producer-consumer problem description},
  HowPublished             = {\url{https://en.wikipedia.org/wiki/Producerâ€“consumer_problem}},
  Note                     = {Accessed: 2015-12-15}
}

@Misc{2_2,
  Title                    = {Ceylon constructors},
  HowPublished             = {\url{http://ceylon-lang.org/blog/2015/06/21/constructors/}},
  Note                     = {Accessed: 2015-12-15}
}

@Misc{2_3,
  Title                    = {Ceylon colletction documentation},
  HowPublished             = {\url{https://modules.ceylon-lang.org/modules/ceylon.collection/1.1.0/doc}},
  Note                     = {Accessed: 2015-12-15}
}