% Encoding: UTF-8

@Misc{1_1,
  Title                    = {Red Hat Website},
  HowPublished             = {\url{https://https://www.redhat.com}},
  Note                     = {Accessed: 2015-12-15}
}

@Misc{1_2,
  Title                    = {Ceylon Faq: Who is behind the project?},
  HowPublished             = {\url{http://ceylon-lang.org/documentation/1.1/faq/#who_s_behind_this_project/}},
  Note                     = {Accessed: 2015-12-15}
}

@Misc{1_3,
  Title                    = {Ceylon Faq: Why a new language?},
  HowPublished             = {\url{http://ceylon-lang.org/documentation/1.1/faq/#why_a_new_language/}},
  Note                     = {Accessed: 2015-12-15}
}

@Misc{1_4,
  Title                    = {Ceylon Faq: What is Ceylon?},
  HowPublished             = {\url{http://ceylon-lang.org/documentation/1.1/faq/#what_is_ceylon/}},
  Note                     = {Accessed: 2015-12-15}
}

@Misc{1_5,
  Title                    = {Hibernate project},
  HowPublished             = {\url{http://hibernate.org/}},
  Note                     = {Accessed: 2015-12-15}
}

@Misc{1_6,
  Title                    = {Ceylon shared annotation},
  HowPublished             = {\url{http://ceylon-lang.org/documentation/1.1/reference/annotation/shared/}},
  Note                     = {Accessed: 2015-12-15}
}

@Misc{1_7,
  Title                    = {Ceylon visibility},
  HowPublished             = {\url{http://ceylon-lang.org/documentation/current/spec/html_single/index.html#visibility}},
  Note                     = {Accessed: 2015-12-15}
}

@Misc{1_8,
  Title                    = {Ceylon SDK},
  HowPublished             = {\url{https://github.com/ceylon/ceylon-sdk/}},
  Note                     = {Accessed: 2015-12-15}
}

@Misc{1_9,
  Title                    = {Ceylon interoperability with Java},
  HowPublished             = {\url{http://ceylon-lang.org/documentation/1.1/reference/interoperability/java-from-ceylon}},
  Note                     = {Accessed: 2015-12-15}
}

@Misc{1_10,
  Title                    = {Ceylon download page},
  HowPublished             = {\url{http://ceylon-lang.org/download/}},
  Note                     = {Accessed: 2015-12-15}
}

@Misc{2_1,
  Title                    = {Producer-consumer problem description},
  HowPublished             = {\url{https://en.wikipedia.org/wiki/Producer–consumer_problem}},
  Note                     = {Accessed: 2015-12-15}
}

@Misc{2_2,
  Title                    = {Ceylon constructors},
  HowPublished             = {\url{http://ceylon-lang.org/blog/2015/06/21/constructors/}},
  Note                     = {Accessed: 2015-12-15}
}

@Misc{2_3,
  Title                    = {Ceylon colletction documentation},
  HowPublished             = {\url{https://modules.ceylon-lang.org/modules/ceylon.collection/1.1.0/doc}},
  Note                     = {Accessed: 2015-12-15}
}

@Misc{3_1,
  Title                    = {Dart site},
  HowPublished             = {\url{https://www.dartlang.org}},
  Note                     = {Accessed: 2015-12-15}
}

@Misc{3_2,
  Title        = {GOTO Con},
  HowPublished = {\url{http://gotocon.com/aarhus-2011/presentation/}},
  Note         = {Accessed: 2015-12-15}
}

@Misc{3_3,
  Title        = {Dart Stable SDK},
  HowPublished = {\url{http://news.dartlang.org/2013/11/dart-10-stable-sdk-for-structured-web.html}},
  Note         = {Accessed: 2015-12-15}
}

@Misc{3_4,
  Title        = {Google v8},
  HowPublished = {\url{https://code.google.com/p/v8/}},
  Note         = {Accessed: 2015-12-15}
}

@Misc{3_5,
  Title        = {Node JS},
  HowPublished = {\url{https://nodejs.org/en/}},
  Note         = {Accessed: 2015-12-15}
}

@Misc{3_6,
  Title        = {Why Dart},
  HowPublished = {\url{https://www.dartlang.org/support/faq.html#q-why-dart}},
  Note         = {Accessed: 2015-12-15}
}

@Misc{3_7,
  Title        = {Dart diverting community},
  HowPublished = {\url{https://www.dartlang.org/support/faq.html#q-is-dart-going-to-divert-community-effort-from-javascript-based-web-development}},
  Note         = {Accessed: 2015-12-15}
}

@Misc{3_8,
  Title        = {Google want to replace JavaScript with Dart?},
  HowPublished = {\url{https://www.dartlang.org/support/faq.html#q-does-google-want-to-replace-javascript-with-dart}},
  Note         = {Accessed: 2015-12-15}
}

@Misc{3_9,
  Title        = {Dartium project},
  HowPublished = {\url{https://www.dartlang.org/tools/dartium/}},
  Note         = {Accessed: 2015-12-15}
}

@Misc{3_10,
  Title        = {Dart news},
  HowPublished = {\url{ref="http://news.dartlang.org/2015/03/dart-for-entire-web.html}},
  Note         = {Accessed: 2015-12-15}
}

@Misc{3_11,
  Title        = {Dart VM into Chrome},
  HowPublished = {\url{ref="https://www.dartlang.org/support/faq.html#q-will-the-dart-vm-get-into-chrome}},
  Note         = {Accessed: 2015-12-15}
}

@Misc{3_12,
  Title        = {Building Dart},
  HowPublished = {\url{ref="https://github.com/dart-lang/sdk/wiki/Building}},
  Note         = {Accessed: 2015-12-15}
}

@Misc{3_13,
  Title        = {Dart HTTP request},
  HowPublished = {\url{ref="https://api.dartlang.org/1.12.2/dart-html/HttpRequest-class.html}},
  Note         = {Accessed: 2015-12-15}
}

@Misc{3_14,
  Title        = {Dart future class},
  HowPublished = {\url{ref="https://api.dartlang.org/133583/dart-async/Future-class.html}},
  Note         = {Accessed: 2015-12-15}
}

@Misc{3_15,
  Title        = {Dart future},
  HowPublished = {\url{ref="https://www.dartlang.org/docs/tutorials/futures/}},
  Note         = {Accessed: 2015-12-15}
}

@Misc{3_16,
  Title        = {Dart error handling in futures},
  HowPublished = {\url{ref="https://www.dartlang.org/articles/futures-and-error-handling/}},
  Note         = {Accessed: 2015-12-15}
}

@Misc{3_17,
  Title        = {Dart packages},
  HowPublished = {\url{ref="https://pub.dartlang.org/}},
  Note         = {Accessed: 2015-12-15}
}

@Misc{4_1,
  Title        = {Dart IndexedDB API},
  HowPublished = {\url{https://www.dartlang.org/samples/indexeddb_todo/}},
  Note         = {Accessed: 2015-12-15}
}

@Misc{4_2,
  Title        = {Dart TODO sample},
  HowPublished = {\url{https://github.com/dart-lang/dart-samples/tree/master/html5/web/indexeddb/todo}},
  Note         = {Accessed: 2015-12-15}
}

@Misc{4_3,
  Title        = {Dart HTML library},
  HowPublished = {\url{https://api.dartlang.org/133612/dart-html/dart-html-library.html}},
  Note         = {Accessed: 2015-12-15}
}

@Misc{4_4,
  Title        = {Dart IndexedDB library},
  HowPublished = {\url{https://api.dartlang.org/133612/dart-indexed_db/dart-indexed_db-library.html}},
  Note         = {Accessed: 2015-12-15}
}

@Misc{4_5,
  Title        = {IndexedDB docs},
  HowPublished = {\url{http://caniuse.com/#feat=indexeddb}},
  Note         = {Accessed: 2015-12-15}
}

@Misc{4_6,
  Title        = {Dart async library},
  HowPublished = {\url{https://api.dartlang.org/133382/dart-async/dart-async-library.html}},
  Note         = {Accessed: 2015-12-15}
}

@Misc{4_7,
  Title        = {CSS3 selectors},
  HowPublished = {\url{http://www.w3.org/TR/css3-selectors/}},
  Note         = {Accessed: 2015-12-15}
}

@Misc{4_8,
  Title        = {jQuery},
  HowPublished = {\url{https://jquery.com/}},
  Note         = {Accessed: 2015-12-15}
}

@Misc{4_9,
  Title        = {Dart Element class},
  HowPublished = {\url{https://api.dartlang.org/133422/dart-html/Element-class.html}},
  Note         = {Accessed: 2015-12-15}
}

@Misc{4_10,
  Title        = {IndexedDB spec},
  HowPublished = {\url{http://www.w3.org/TR/IndexedDB/}},
  Note         = {Accessed: 2015-12-15}
}

@Misc{4_11,
  Title        = {Transaction},
  HowPublished = {\url{https://en.wikipedia.org/wiki/Database_transaction}},
  Note         = {Accessed: 2015-12-15}
}

@Misc{4_12,
  Title        = {Dart Future class},
  HowPublished = {\url{https://api.dartlang.org/133382/dart-async/Future-class.html}},
  Note         = {Accessed: 2015-12-15}
}

@Misc{4_13,
  Title        = {Dart stream class},
  HowPublished = {\url{https://api.dartlang.org/133382/dart-async/Stream-class.html}},
  Note         = {Accessed: 2015-12-15}
}

@Misc{5_1,
  Title        = {Elixir website},
  HowPublished = {\url{http://elixir-lang.org/}},
  Note         = {Accessed: 2015-12-15}
}

@Misc{5_2,
  Title        = {José Valim twitter},
  HowPublished = {\url{https://twitter.com/josevalim}},
  Note         = {Accessed: 2015-12-15}
}

@Misc{5_3,
  Title        = {Plataformatec website},
  HowPublished = {\url{http://plataformatec.com.br/}},
  Note         = {Accessed: 2015-12-15}
}

@Misc{5_4,
  Title        = {Learning Elixir},
  HowPublished = {\url{http://elixir-lang.org/learning.html#learn-elixir}},
  Note         = {Accessed: 2015-12-15}
}

@Misc{5_5,
  Title        = {Elixir conferences},
  HowPublished = {\url{https://github.com/elixir-lang/elixir/wiki/Conferences}},
  Note         = {Accessed: 2015-12-15}
}

@Misc{5_6,
  Title        = {Elixir committers},
  HowPublished = {\url{https://github.com/elixir-lang/elixir/graphs/contributors}},
  Note         = {Accessed: 2015-12-15}
}

@Misc{5_7,
  Title        = {Elixir releases},
  HowPublished = {\url{https://github.com/elixir-lang/elixir/releases/tag/v1.0.0}},
  Note         = {Accessed: 2015-12-15}
}

@Misc{5_8,
  Title        = {Ruby language website},
  HowPublished = {\url{https://www.ruby-lang.org/}},
  Note         = {Accessed: 2015-12-15}
}

@Misc{5_9,
  Title        = {Ruby on Rails Framework website},
  HowPublished = {\url{http://rubyonrails.org/}},
  Note         = {Accessed: 2015-12-15}
}

@Misc{5_10,
  Title        = {7 programming languages in 7 weeks},
  HowPublished = {\url{https://pragprog.com/book/btlang/seven-languages-in-seven-weeks}},
  Note         = {Accessed: 2015-12-15}
}

@Misc{5_11,
  Title        = {Erlang language website},
  HowPublished = {\url{http://www.erlang.org/}},
  Note         = {Accessed: 2015-12-15}
}

@Misc{5_12,
  Title        = {Ericsson},
  HowPublished = {\url{www.ericsson.com}},
  Note         = {Accessed: 2015-12-15}
}

@Misc{5_13,
  Title        = {Clojure language website},
  HowPublished = {\url{http://clojure.org/}},
  Note         = {Accessed: 2015-12-15}
}

@Misc{5_14,
  Title        = {Go language website},
  HowPublished = {\url{https://golang.org/}},
  Note         = {Accessed: 2015-12-15}
}

@Misc{5_15,
  Title        = {Elixir Enum},
  HowPublished = {\url{http://elixir-lang.org/docs/stable/elixir/Enum.html}},
  Note         = {Accessed: 2015-12-15}
}

@Misc{6_1,
  Title        = {Elixir processes},
  HowPublished = {\url{http://elixir-lang.org/getting-started/processes.html}},
  Note         = {Accessed: 2015-12-15}
}


@Misc{6_2,
  Title        = {Elixir example},
  HowPublished = {\url{http://www.reactive.io/tips/2015/02/03/introduction-to-parallel-computing-with-elixir/}},
  Note         = {Accessed: 2015-12-15}
}

@Misc{7_1,
  Title        = {Rust website},
  HowPublished = {\url{https://www.rust-lang.org/}},
  Note         = {Accessed: 2015-12-15}
}

@Misc{7_2,
  Title        = {Mozilla},
  HowPublished = {\url{https://www.mozilla.org}},
  Note         = {Accessed: 2015-12-15}
}

@Misc{7_3,
  Title        = {Rust creator website},
  HowPublished = {\url{http://venge.net/graydon/}},
  Note         = {Accessed: 2015-12-15}
}

@Misc{7_4,
  Title        = {Rust creator blog},
  HowPublished = {\url{http://graydon.livejournal.com/}},
  Note         = {Accessed: 2015-12-15}
}

@Misc{7_5,
  Title        = {OCaml language website},
  HowPublished = {\url{http://ocaml.org/}},
  Note         = {Accessed: 2015-12-15}
}

@Misc{7_6,
  Title        = {LLVM compiler website},
  HowPublished = {\url{http://llvm.org/}},
  Note         = {Accessed: 2015-12-15}
}

@Misc{7_7,
  Title        = {Rust releases},
  HowPublished = {\url{https://github.com/rust-lang/rust/releases/tag/1.0.0}},
  Note         = {Accessed: 2015-12-15}
}

@Misc{7_8,
  Title        = {Why Rust? book},
  HowPublished = {\url{http://www.oreilly.com/programming/free/why-rust.csp}},
  Note         = {Accessed: 2015-12-15}
}

@Misc{7_9,
  Title        = {Interview with Rust creator},
  HowPublished = {\url{http://www.infoq.com/news/2012/08/Interview-Rust}},
  Note         = {Accessed: 2015-12-15}
}

@Misc{7_10,
  Title        = {Rust downloads},
  HowPublished = {\url{https://www.rust-lang.org/downloads.html}},
  Note         = {Accessed: 2015-12-15}
}

@Misc{7_11,
  Title        = {Introduction to Rust's Cargo},
  HowPublished = {\url{http://doc.rust-lang.org/book/hello-cargo.html}},
  Note         = {Accessed: 2015-12-15}
}

@Misc{7_12,
  Title        = {Structs in Rust},
  HowPublished = {\url{https://doc.rust-lang.org/stable/book/structs.html}},
  Note         = {Accessed: 2015-12-15}
}

@Misc{7_13,
  Title        = {Structs in Rust 2},
  HowPublished = {\url{http://rustbyexample.com/custom_types/structs.html}},
  Note         = {Accessed: 2015-12-15}
}

@Misc{7_14,
  Title        = {Rust example},
  HowPublished = {\url{http://rustbyexample.com/mod.html}},
  Note         = {Accessed: 2015-12-15}
}

@Misc{8_1,
  Title        = {Monte Carlo Pi specification},
  HowPublished = {\url{http://mathfaculty.fullerton.edu/mathews/n2003/montecarlopimod.html}},
  Note         = {Accessed: 2015-12-15}
}


@Misc{8_2,
  Title        = {Rust inside other languages},
  HowPublished = {\url{https://doc.rust-lang.org/book/rust-inside-other-languages.html}},
  Note         = {Accessed: 2015-12-15}
}


@Misc{8_3,
  Title        = {Examples from calling Rust in other languages},
  HowPublished = {\url{http://siciarz.net/24-days-of-rust-calling-rust-from-other-languages/}},
  Note         = {Accessed: 2015-12-15}
}


@Misc{8_4,
  Title        = {Node.js ffi lib},
  HowPublished = {\url{https://www.npmjs.com/package/ffi}},
  Note         = {Accessed: 2015-12-15}
}

